@article{abdullah2022,
  author       = {Abdullah, M. and Hassan, R. and Mustafa, M.},
  title        = {A review on Bayesian deep learning in healthcare: Applications and challenges},
  journal      = {IEEE Access},
  volume       = {10},
  pages        = {36538--36562},
  year         = {2022},
  doi          = {10.1109/ACCESS.2022.3157141}
}

@article{austin2021,
  author       = {Austin, P. C. and White, I. R. and Lee, D. S. and van Buuren, S.},
  title        = {Missing data in clinical research: A tutorial on multiple imputation},
  journal      = {Canadian Journal of Cardiology},
  volume       = {37},
  number       = {9},
  pages        = {1322--1331},
  year         = {2021},
  doi          = {10.1016/j.cjca.2020.11.010}
}

@article{baldwin2017,
  author       = {Baldwin, S. A. and Larson, M. J.},
  title        = {An introduction to using Bayesian linear regression with clinical data},
  journal      = {Behaviour Research and Therapy},
  volume       = {98},
  pages        = {58--75},
  year         = {2017},
  doi          = {10.1016/j.brat.2017.05.014}
}

@article{chatzimichail2023,
  author       = {Chatzimichail, T. and Hatjimihail, A. T.},
  title        = {A Bayesian inference-based computational tool for parametric and nonparametric medical diagnosis},
  journal      = {Diagnostics},
  volume       = {13},
  number       = {19},
  pages        = {3135},
  year         = {2023},
  doi          = {10.3390/diagnostics13193135}
}

@article{deleeuw2012,
  author       = {de Leeuw, C. and Klugkist, I.},
  title        = {Augmenting data with published results in Bayesian linear regression},
  journal      = {Multivariate Behavioral Research},
  volume       = {47},
  number       = {3},
  pages        = {369--391},
  year         = {2012},
  doi          = {10.1080/00273171.2012.673957}
}

@article{klauenberg2015,
  author       = {Klauenberg, K. and W{\"u}bbeler, G. and Mickan, B. and Harris, P. and Elster, C.},
  title        = {A tutorial on Bayesian normal linear regression},
  journal      = {Metrologia},
  volume       = {52},
  number       = {6},
  pages        = {878--892},
  year         = {2015},
  doi          = {10.1088/0026-1394/52/6/878}
}

@article{kruschke2017,
  author       = {Kruschke, J. K. and Liddell, T. M.},
  title        = {Bayesian data analysis for newcomers},
  journal      = {Psychonomic Bulletin \& Review},
  volume       = {25},
  number       = {1},
  pages        = {155--177},
  year         = {2017},
  doi          = {10.3758/s13423-017-1272-1}
}

@article{liu2013,
  author       = {Liu, Y. M. and Chen, S. L. S. and Yen, A. M. F. and Chen, H. H.},
  title        = {Individual risk prediction model for incident cardiovascular disease: A Bayesian clinical reasoning approach},
  journal      = {International Journal of Cardiology},
  volume       = {167},
  number       = {5},
  pages        = {2008--2012},
  year         = {2013},
  doi          = {10.1016/j.ijcard.2012.05.016}
}

@article{vandeschoot2021,
  author       = {Vande Schoot, R. and Depaoli, S. and King, R. and Kramer, B. and M{\"a}rtens, K. and Tadesse, M. G. and Vannucci, M. and Gelman, A. and Veen, D. and Willemsen, J. and Yau, C. and van de Schoot, R.},
  title        = {Bayesian statistics and modelling},
  journal      = {Nature Reviews Methods Primers},
  volume       = {1},
  pages        = {1--26},
  year         = {2021},
  doi          = {10.1038/s43586-020-00001-2}
}

@techreport{zeger2020,
  author       = {Zeger, S. L. and Wu, Z. and Coley, Y. and Fojo, A. T. and Carter, B. and O'Brien, K. and Zandi, P. and Cooke, M. and Carey, V. and Crainiceanu, C. and Muscelli, J. and Gherman, A. and Mekosh, J.},
  title        = {Using a Bayesian Approach to Predict Patients' Health and Response to Treatment},
  institution  = {Johns Hopkins Biostatistics Working Paper Series},
  number       = {272},
  year         = {2020},
  url          = {https://biostats.bepress.com/jhubiostat/paper272}
}